@article{ouyang2016,
  title={Practical optimal experiment design with probabilistic programs},
  author={Ouyang, Long and Tessler, Michael Henry and Ly, Daniel and Goodman, Noah},
  journal={arXiv preprint arXiv:1608.05046},
  year={2016}
}
@article{lindley1956,
  title={On a measure of the information provided by an experiment},
  author={Lindley, Dennis V},
  journal={The Annals of Mathematical Statistics},
  pages={986--1005},
  year={1956},
  publisher={JSTOR}
}
@article{medin1978,
  title={Context theory of classification learning.},
  author={Medin, Douglas L and Schaffer, Marguerite M},
  journal={Psychological review},
  volume={85},
  number={3},
  pages={207},
  year={1978},
  publisher={American Psychological Association}
}
@article{vincent2017,
  title={The DARC Toolbox: automated, flexible, and efficient delayed and risky choice experiments using Bayesian adaptive design},
  author={Vincent, Benjamin T and Rainforth, Tom},
  year={2017},
  publisher={PsyArXiv}
}
@article{vanlier2012,
  title={A Bayesian approach to targeted experiment design},
  author={Vanlier, Joep and Tiemann, Christian A and Hilbers, Peter AJ and van Riel, Natal AW},
  journal={Bioinformatics},
  volume={28},
  number={8},
  pages={1136--1142},
  year={2012},
  publisher={Oxford University Press}
}
@inproceedings{golovin2010,
  title={Near-optimal bayesian active learning with noisy observations},
  author={Golovin, Daniel and Krause, Andreas and Ray, Debajyoti},
  booktitle={Advances in Neural Information Processing Systems},
  pages={766--774},
  year={2010}
}
@article{berg2003,
  title={Optimal nonlinear Bayesian experimental design: an application to amplitude versus offset experiments},
  author={van Den Berg, Jojanneke and Curtis, Andrew and Trampert, Jeannot},
  journal={Geophysical Journal International},
  volume={155},
  number={2},
  pages={411--421},
  year={2003},
  publisher={Blackwell Publishing Ltd Oxford, UK}
}
@article{youssefreview,
  title={A Review On Optimal Experimental Design},
  author={Youssef, Noha A}
}
@article{chaloner1984,
  title={Optimal Bayesian experimental design for linear models},
  author={Chaloner, Kathryn},
  journal={The Annals of Statistics},
  pages={283--300},
  year={1984},
  publisher={JSTOR}
}
@inproceedings{nowak2009,
  title={Noisy generalized binary search},
  author={Nowak, Robert},
  booktitle={Advances in neural information processing systems},
  pages={1366--1374},
  year={2009}
}
@inproceedings{dasgupta2006,
  title={Coarse sample complexity bounds for active learning},
  author={Dasgupta, Sanjoy},
  booktitle={Advances in neural information processing systems},
  pages={235--242},
  year={2006}
}

@inproceedings{bntl,
	title={Sampling and inference for beta neutral-to-the-left models of sparse networks},
	author={Bloem-Reddy, Benjamin and Foster, Adam and Mathieu, Emile and Teh, Yee Whye},
	booktitle={Uncertainty in Artifical Intelligence},
	year={2018}
}

@inproceedings{bnpppl,
	title={Sampling and inference for discrete random probability measures in probabilistic programs},
	author={Bloem-Reddy, Benjamin and Mathieu, Emile and Foster, Adam and Rainforth, Tom and Teh, Yee Whye and Ge, Hong and Lomel{\'\i}, Mar{\'\i}a and Ghahramani, Zoubin},
	booktitle={NIPS Workshop on Advances in Approximate Bayesian Inference},
	year={2017}
}




